<?xml version="1.0" encoding="UTF-8"?><collection xmlns="http://www.loc.gov/MARC21/slim"><record><leader>00380nam--2200133-i-4500</leader><controlfield tag="001">000030851</controlfield><controlfield tag="002">20161230</controlfield><controlfield tag="005">20161230201038</controlfield><controlfield tag="008">060222s1000------------r-----000-0-eng-d</controlfield><datafield ind1=" " ind2=" " tag="080"><subfield code="a">620.1</subfield></datafield><datafield ind1=" " ind2=" " tag="245"><subfield code="a">Materials and processes. third edition. part.a: materials</subfield></datafield><datafield ind1=" " ind2=" " tag="260"><subfield code="a">New York, Marcel Dekker, Inc., 195, Xxv+ 855p</subfield></datafield><datafield ind1=" " ind2=" " tag="700"><subfield code="a">Young, James F.And Shane, Robert S</subfield></datafield><datafield ind1=" " ind2=" " tag="852"><subfield code="a">79534</subfield></datafield></record></collection>